@book{Pezze2008,
            Author = {Mauro Pezz\'e and Michal Young},
            Title = {Software Testing and Analysis: Process, Principles and Techniques},
            Edition = {1st},
            ISBN = {978-0-471-45593-6},
            Keywords = {},
            Publisher = {Wiley},
            Year = {2008}}

@inproceedings{Denaro,
 author = {Denaro, Giovanni and Gorla, Alessandra and Pezz\`{e}, Mauro},
 title = {Contextual Integration Testing of Classes},
 booktitle = {Proceedings of FASE 2008 (11th International Conference on 
 Fundamental Approaches to Software Engineering)},
 year = {2008},
 pages = {246--260},
 numpages = {15},
 publisher = {Springer-Verlag},
} 

@article{Clarke,
  author = {Lori A. Clarke and Andy Podgurski and Debra J. Richardson and Steven J. Zeil},
  title = {A Formal Evaluation of Data Flow Path Selection Criteria},
  journal = {IEEE Trans. Software Eng.},
  pages = {1318-1332},
  volume = {15},
  number = {11},
  ee = {http://www.computer.org/tse/ts1989/e1318abs.htm},
  year = {1989}
}

@article{Rapps,
 author = {Rapps, Sandra and Weyuker, Elaine J.},
 title = {Selecting Software Test Data Using Data Flow Information},
 journal = {IEEE Trans. Softw. Eng.},
 issue_date = {April 1985},
 volume = {11},
 number = {4},
 month = apr,
 year = {1985},
 issn = {0098-5589},
 pages = {367--375},
 numpages = {9},
 url = {http://dx.doi.org/10.1109/TSE.1985.232226},
 publisher = {IEEE Press},
 address = {Piscataway, NJ, USA},
} 

@inproceedings{Marek,
 author = {Marek, Luk\'{a}\v{s} and Zheng, Yudi and Ansaloni, Danilo and Binder, Walter and Qi, Zhengwei and Tuma, Petr},
 title = {DiSL: An Extensible Language for Efficient and Comprehensive Dynamic Program Analysis},
 booktitle = {Proceedings of DSAL 2012 (Seventh Workshop on Domain-Specific Aspect Languages)},
 year = {2012},
 pages = {27--28},
 numpages = {2},
 publisher = {ACM},
 keywords = {JVM, aspect-oriented programming, bytecode instrumentation, dynamic program analysis},
} 

@inproceedings{Harrold,
 author = {Harrold, Mary Jean and Rothermel, Gregg},
 title = {Performing Data Flow Testing on Classes},
 booktitle = {Proceedings of the 2Nd ACM SIGSOFT Symposium on Foundations of Software Engineering},
 series = {SIGSOFT '94},
 year = {1994},
 pages = {154--163},
 numpages = {10},
 url = {http://doi.acm.org/10.1145/193173.195402},
 publisher = {ACM},
 address = {New York, NY, USA}
} 

@article{Herman,
  author = {Herman, P. M.},
  date = {2002-03-07},
  journal = {Australian Computer Journal},
  pages = {92-96},
  title = {A Data Flow Analysis Approach to Program Testing.},
  url = {http://dblp.uni-trier.de/db/journals/acj/acj8.html#Herman76},
  volume = 8,
  year = 1976
}

@inproceedings{Buy,
 author = {Buy, Ugo and Orso, Alessandro and Pezze, Mauro},
 title = {Automated Testing of Classes},
 booktitle = {Proceedings of the 2000 ACM SIGSOFT International Symposium on Software Testing and Analysis},
 series = {ISSTA '00},
 year = {2000},
 pages = {39--48},
 numpages = {10},
 acmid = {348870},
 publisher = {ACM},
 address = {New York, NY, USA},
} 

              